<record><leader>00000cas a22000007a 4500</leader><controlfield tag="001">12252850</controlfield><controlfield tag="008">850711d19571983utuwr ne      0    0eng d</controlfield><datafield ind1=" " ind2=" " tag="010"><subfield code="a">sn 85058160 </subfield></datafield><datafield ind1=" " ind2=" " tag="040"><subfield code="a">UNP</subfield><subfield code="b">eng</subfield><subfield code="c">UNP</subfield><subfield code="d">UBY</subfield><subfield code="d">OCLCQ</subfield><subfield code="d">OCLCF</subfield><subfield code="d">OCLCO</subfield></datafield><datafield ind1=" " ind2=" " tag="042"><subfield code="a">msc</subfield></datafield><datafield ind1=" " ind2=" " tag="043"><subfield code="a">n-us-ut</subfield></datafield><datafield ind1="0" ind2="4" tag="245"><subfield code="a">The Leader, the Garland times.</subfield></datafield><datafield ind1="3" ind2="0" tag="246"><subfield code="a">Leader</subfield></datafield><datafield ind1="3" ind2="0" tag="246"><subfield code="a">Garland times</subfield></datafield><datafield ind1="1" ind2="3" tag="246"><subfield code="a">Leader-Garland times</subfield></datafield><datafield ind1=" " ind2=" " tag="260"><subfield code="a">Tremonton, Utah :</subfield><subfield code="b">Leader Pub. Co.,</subfield><subfield code="c">1957-1983.</subfield></datafield><datafield ind1=" " ind2=" " tag="300"><subfield code="a">28 v. :</subfield><subfield code="b">ill.</subfield></datafield><datafield ind1=" " ind2=" " tag="310"><subfield code="a">Weekly</subfield></datafield><datafield ind1="0" ind2=" " tag="362"><subfield code="a">Vol. 35, no. 1 (Oct. 3, 1957)-v. 63, no. 5 (Nov. 30, 1983).</subfield></datafield><datafield ind1=" " ind2=" " tag="580"><subfield code="a">Formed by merger of: Leader (Tremonton, Utah : 1949), and: Garland times.</subfield></datafield><datafield ind1=" " ind2="0" tag="651"><subfield code="a">Tremonton (Utah)</subfield><subfield code="v">Newspapers.</subfield></datafield><datafield ind1=" " ind2="0" tag="651"><subfield code="a">Box Elder County (Utah)</subfield><subfield code="v">Newspapers.</subfield></datafield><datafield ind1=" " ind2="7" tag="655"><subfield code="a">Newspapers.</subfield><subfield code="2">fast</subfield><subfield code="0">(OCoLC)fst01423814</subfield></datafield><datafield ind1=" " ind2="7" tag="651"><subfield code="a">Utah</subfield><subfield code="z">Box Elder County.</subfield><subfield code="2">fast</subfield><subfield code="0">(OCoLC)fst01218055</subfield></datafield><datafield ind1=" " ind2="7" tag="651"><subfield code="a">Utah</subfield><subfield code="z">Tremonton.</subfield><subfield code="2">fast</subfield><subfield code="0">(OCoLC)fst01227191</subfield></datafield><datafield ind1=" " ind2=" " tag="752"><subfield code="a">United States</subfield><subfield code="b">Utah</subfield><subfield code="c">Box Elder</subfield><subfield code="d">Tremonton.</subfield></datafield><datafield ind1="1" ind2="4" tag="780"><subfield code="t">Leader (Tremonton, Utah : 1949)</subfield><subfield code="w">(DLC)sn 85058159</subfield><subfield code="w">(OCoLC)12252818</subfield></datafield><datafield ind1="1" ind2="4" tag="780"><subfield code="t">Garland times</subfield><subfield code="w">(DLC)sn 85058234</subfield><subfield code="w">(OCoLC)12486926</subfield></datafield><datafield ind1="0" ind2="0" tag="785"><subfield code="t">Leader (Tremonton, Utah : 1983)</subfield><subfield code="w">(DLC)sn 84007767</subfield><subfield code="w">(OCoLC)10569439</subfield></datafield></record>